@STRING(PRL="Phys. Rev. Lett.")
@STRING(RMP="Rev. Mod. Phys.")

@BOOK{Liou:Mybib,
   AUTHOR="K. N. Liou",
   TITLE="An Introduction to Atmospheric Radiation",
   PUBLISHER="Academic Press, Elsevier Books",
   ADDRESS="Oxford",
   YEAR="2002"
}

@BOOK{GoodyYung:Mybib,
AUTHOR="R.M. Goody and Y.L. Yung", 
TITLE="Atmospheric Radiation", 
PUBLISHER="Oxford University Press",
ADDRESS=" New York - Oxford",
YEAR="1989"
}

@BOOK{Goody2:Mybib,
AUTHOR="Goody R. M.",
TITLE="Atmospheric Radiation 1. (Theoretical Basis)",
PUBLISHER="Oxford at the Clarendon Press",
ADDRESS="Oxford",
YEAR="1964"
}

@ARTICLE{PenndorfAir:Mybib,
AUTHOR="Rudolf Penndorf",
TITLE="Tables of the Refractive index for Standard Air and the Rayleigh 
Scattering, 
Coefficient for the Spectral Region Between $0.2 \mu m$ and $20.0 \mu m$",
JOURNAL="J. Opt. Soc. Am",
VOLUME="47",
NUMBER="2",
PAGES="177--182", 
YEAR="1957"
}

@ARTICLE{Edlen1:Mybib,
AUTHOR="B. Edl\'{e}n",
TITLE="The Dispersion of Standard Air",
JOURNAL="J. Opt. Soc. Am",
VOLUME="43",
PAGES="339--334", 
YEAR="1953"
}

@ARTICLE{Edlen2:Mybib,
AUTHOR="B. Edl\'{e}n",
TITLE="The Refractive Index of Air",
JOURNAL="Metrologia",
VOLUME="2",
PAGES="71-80", 
YEAR="1966"
}

@ARTICLE{Koschmeider:Mybib,
AUTHOR="H. Koschmeider",
TITLE="Theorie der Horizontalen Sichtweiter",
JOURNAL="Beitrage zur Physik der Freien Atmosph{\"{a}}re",
VOLUME="12",
PAGES="33--53", 
YEAR="1924"
}

@ARTICLE{Hanel:Mybib,
AUTHOR="G. Hanel",
TITLE="The Properties of Atmospheric Aerosol Particles as a Function of the Relative Humidity of the Air",
JOURNAL="Advances in Geophysics",
VOLUME="19",
PAGES="73--188", 
YEAR="1976"
}

@ARTICLE{BobWells:Mybib,
AUTHOR="R. G. Wells",
JOURNAL="Rapid Approximation to the Voigt/Faddeeva Function and its Derivatives",
VOLUME="62",
PAGES="29--48", 
YEAR="1999"
}

@ARTICLE{ArdenBuck:Mybib,
AUTHOR="Arden L. Buck",
TITLE="New Expressions for Computing Vapor Pressure and Enhancement Factor",
JOURNAL="Journal of Applied Meteorolgy",
VOLUME="1527",
PAGES="1527--1532", 
YEAR="1981"
}

@ARTICLE{Samparta:Mybib,
AUTHOR="Joshua L. Samparta and Ropberto Gasparini and Li Runjun and Don R. Collins",
TITLE="Diurnal Properties of the Hygroscopuc Growth of Ambient Aerosol Populations",
JOURNAL="J. Geophys. Res.",
VOLUME="110",
NUMBER="D3",
PAGES="ppD03206.1-D03206.12",
YEAR="2005"
}

@ARTICLE{Dave1:Mybib,
AUTHOR="J. V. Dave",
TITLE="Coefficients of the Legendre and Fourier Series for the Scattering
 Functions of Spherical Particles",
JOURNAL="Applied Optics",
VOLUME="9",
NUMBER="8",
PAGES="1888--2684",
YEAR="1970" 
}

@ARTICLE{Dave2:Mybib,
AUTHOR="J. V. Dave",
TITLE="Intensity and Polarisation of the Radiation Emerging from a 
Plane-Parallel Atmosphere Containing Monodispersed Aerosols",
JOURNAL="Applied Optics",
VOLUME="9",
NUMBER="12",
PAGES="2673--2684",
YEAR="1970"
}

@ARTICLE{Benassi:Mybib,
AUTHOR="M. Benassi and  R. D. M. Garcia and A. H. Karp and C. E.  Siewert",
TITLE="A High Order Spherical Harmonics Solution to the Standard Problem
in Radiative Transfer",
JOURNAL="The Astrophysical Journal",
VOLUME="280",
NUMBER="2",
PAGES="  853--864",
YEAR="1984"
}

@ARTICLE{Siewert:Mybib,
AUTHOR="C. E. Siewert",
TITLE="A Discrete Ordinates Solution for Radiative Transfer Models that 
Include Polarization Effects",
JOURNAL="J.Q.S.R.T",
VOLUME="64",
PAGES="227--254",
YEAR="2000"
}

@ARTICLE{Weng1:Mybib,
AUTHOR="Fuzhong Weng",
TITLE="A Multi Layer Discrete Ordinate Method For Vector Radiative Transfer 
in a Vertically Inhomogeneous, Emmiting and Scattering Atmpsphere-I: Theory",
JOURNAL="J.Q.S.R.T",
VOLUME="47",
PAGES="19--33",
YEAR="1992"
}

@ARTICLE{Weng2:Mybib,
AUTHOR="Fuzhong Weng",
TITLE="A Multi Layer Discrete Ordinate Method For Vector Radiative Transfer 
in a Vertically Inhomogeneous, Emmiting and Scattering Atmpsphere-II: Application",
JOURNAL="J.Q.S.R.T",
VOLUME="47",
PAGES="35--42",
YEAR="1992"
}


@ARTICLE{GarciaSiewert:Mybib,
AUTHOR="R. D. M. Garcia and C. E. Siewert",
TITLE="Benchmark Results in Radiative Transfer",
JOURNAL="Transport Theory and Statistical Physics",
VOLUME="14",
PAGES="437--483",
YEAR="1985"
}


@ARTICLE{Hatcher:Mybib,
AUTHOR=" H. Hatcher-Tynes and G. W. Kattawar and E. P.  Zege and I. L. Katsev 
 and  A. S.  Prikhach and L. I. Chaikovskaya", 
TITLE="Monte Carlo and multicomponent Approximation Methods for Vector
Radiative Transfer by use of Effective Mueller Matrix Calculations",
JOURNAL="Applied Optics",
VOLUME="40",
PAGES="400--412",
YEAR="2001"
}

@ARTICLE{OPAC:Mybib,
AUTHOR=" M. Hess  and P. Koepke  and I.  Schult ",
TITLE="Optical Properties of Aerosols and Clouds: The Software Package OPAC",
JOURNAL="Bulletin of the American Meteorological Society",
VOLUME="79",
NUMBER="5",
PAGES="831--844",
YEAR="1998" 
}


@BOOK{VanDeHulst:Mybib,
AUTHOR="H. C. Van de Hulst",
TITLE="Light Scattering By Small Particles",
PUBLISHER="Dover Publications",
ADDRESS="New York",
YEAR="1981"
}


@ARTICLE{WisDelta:Mybib,
AUTHOR=" W. J. Wiscombe ", 
TITLE="The Delta-M Method: Rapid Yet Accurate Flux Calculations
 for Strongly Asymmetric Phase Functions.", 
JOURNAL="J. Atmos. Sci",
VOLUME="34",
PAGES="1408--1422",
YEAR="1997"
}
     

@ARTICLE{WisMie:Mybib,
AUTHOR="W. J. Wiscombe",
TITLE="Improved Mie Scattering Algorithms",
JOURNAL="Applied Optics",
VOLUME="19",
NUMBER="9",
PAGES="1505--1509",
YEAR="1980"
}


@ARTICLE{HessCOP:Mybib,
AUTHOR="Hess M.and Weigner M.",
TITLE="COP, a data library of optical properties of hexagonal ice
Crystals",
JOURNAL="Applied Optics",
VOLUME="33",
PAGES="7740--7746",
YEAR="1994"
} 

@ARTICLE{6S:Mybib,
AUTHOR="E.F. Vermote and  D. Tanre and  J.L. Deuze and  M. Herman and M, J. Morcrette",
TITLE="The Second Simulation of the Satellite Signal in the Solar Spectrum, 6S: an overview",
JOURNAL="IEEE Transactions on Geoscience and Remote Sensing",  
VOLUME="35",
NUMBER="3",
PAGES="675--686",
YEAR="1997"
}


@BOOKLET{LOWTRAN:Mybib,
AUTHOR=" F. X. Kneizys  and E. P.  Shettle  and  G. P.  Anderson 
 and L. W. Abreu  and
J. H. Chetwynd and J. E. A. Selby   and S. A.  Clough 
and W. O. Gallery",
TITLE="Users Guide to LOWTRAN 7",
HOWPUBLISHED="(U.S.) Airforce Geophysical Library  AFGL-TR-88-0177",
YEAR="1988"
}

@BOOKLET{ConstProfs:Mybib,
AUTHOR="G. P.  Anderson  and J. H. Chetwynd and S. A.  Clough and E. P.  Shettle  and  F. X. Kneizys",  
TITLE="AFGL Atmospheric Constituent Profiles (0-120km)",
HOWPUBLISHED="(U.S.) Airforce Geophysical Library  AFGL-TR-86-0110",
YEAR="1986"
}

@BOOKLET{MODTRAN:Mybib,
AUTHOR=" A. Berk  and  G. P.  Anderson and P. K. Acharya and L. S. Berstein
 and  M. Fox and S. M. Adler-Golden and
J. H. Chetwynd and M. L. Hoke and P.E. Lewis",
TITLE="MODTRAN 5: A Reformulated Atmospheric Band Model with Auxilliary Species
and Practical Multiple Scattering Options",
HOWPUBLISHED="(U.S.) Airforce Research Laboratory AFRL-TR-2004-1139",
YEAR="2004"
}

@BOOKLET{ShettleFenn:Mybib,
AUTHOR="Shettle E. P.  and. Fenn R. W ",
TITLE="Models of the Aerosols of the Lower Atmosphere and the Effects  
of Humidity Variations on their Optical Properties",
HOWPUBLISHED="(U.S.) Airforce Geophysical Library AFGL-TR-79-0214",
YEAR="1979" 
}  

@BOOKLET{ShettleFenn2:Mybib,
AUTHOR="Shettle E. P.  and. Fenn R. W ",
TITLE="Models of the Aerosols Atmospheric Aerosols and 
their Optical Properties",
HOWPUBLISHED="AGARD Optical Propagation in the Atmosphere SEE N76-29815",
YEAR="1976" 
}  

@Article{WMIrvine:Mybib,
AUTHOR="W.M. Irvine",
TITLE="The Formation of Absorption Bands and the Distribution of Photon
Optical Paths in a Scattering Atmosphere",
JOURNAL=" Bull. Astron. Inst. Neth.",
VOLUME="17",
NUMBER= "4",
PAGES="266--279", 
YEAR=1964    
}

@ARTICLE{ BakanQuenzel:Mybib,
AUTHOR="S. Bakan and H. Quenzel", 
TITLE="Path Length Distributions of Photons Scattered in Turbid Atmospheres",
JOURNAL= " Beitrage zur Physik de Atmosphare ",
VOLUME="49",
PAGES=" 272--284",
YEAR=1976 
} 

@ARTICLE{BakanKoepke:Mybib,
AUTHOR="S. Bakan and  P. Koepke and H. Quenzel", 
TITLE="Radiation Calculations in Absorption Bands: Comparison 
of Exponential Series and Path Length Distribution-Method",
JOURNAL=" Beitrage zur Physik de Atmosphare",
VOLUME= "51",
PAGES="28--30",
YEAR=1976 
}

@ARTICLE{WisEvans:Mybib,
AUTHOR="W. Wiscombe and J. Evans", 
TITLE="Exponential Sum Fitting of Radiative Transmission Functions",
JOURNAL="J. Comp. Phys.",
VOLUME="24",
PAGES="416--444",
YEAR= "1977"
}


@ARTICLE{GoodyWest:Mybib,
AUTHOR="R. Goody and  R. West and  L. Chen and D. Crisp",
TITLE="The Correlated-$k$ method for Radiation Calculations
in Nonhomegeneous Atmospheres ",
JOURNAL="Journal of Quantitative Spectroscopy and Radiative Transfer",
VOLUME="42",
NUMBER="6",
PAGES="539--550",
YEAR="1989"
}

@ARTICLE{LacisOinas:Mybib,
AUTHOR="A. A. Lacis and V. Oinas",
TITLES="A Description of the Correlated $k$-Distribution Method
for Modelling Nongrey Gaseous Absorption, Thermal Emission, and
Multiple Scattering in Vertically Inhomogeneous Atmospheres",
JOURNAL="J. Geophys. Res.",
VOLUME= "96",
NUMBER="D5",
PAGES="9027--2063", 
YEAR="1991" 
}


@ARTICLE{FuLiou:Mybib,
AUTHOR="Q. Fu and K.N.Liou", 
TITLE="On the Correlated $k$-Distribution Method for Radiative Transfer
in Nonhomogeneous Atmospheres",
JOURNAL="J. Atmos. Sci.",
VOLUME="49",
NUMBER="22",
PAGES="2139--2166",
YEAR="1992"
}


@ARTICLE{RoseKratz:Mybib,
AUTHOR="D. P.  Kratz and F. G. Rose", 
TITLE="Accounting for Absorption in the Spectral Range of the CERES Window Channel",
Journal=" JQSRT", 
VOLUME=" 61", 
PAGES="83--95",
Year="1999"
}

@ARTICLE{Goody:Mybib,
AUTHOR="R.M. Goody", 
TITLE="A Statistical Model for Water Vapour Absorption",
JOURNAL=" Q. J. R. Met. Soc.", 
VOLUME="78",
PAGES="165--169",
YEAR="1952"
}

@ARTICLE{Domoto:Mybib,
AUTHOR="G.A. Domoto",
TITLE="Frequency Integration for Radiative Transfer Problems Involving
Homogenous Non-Gray Gases: The Inverse Transmission Function",
JOURNAL="Journal of Quantitative Spectroscopy and Radiative Transfer",
VOLUME="14",
PAGES="935--942",
YEAR="1974"
}


@ARTICLE{MarinBuckuis:Mybib,
AUTHOR="O. Marin and R.O Buckuis", 
TITLE="Wideband Correlated-k Method Applied to Absorbing, Emitting, and
Scattering Media",
JOURNAL="Journal of Thermophysics and Heat Transfer",
VOLUME="10", 
NUMBER="2",
PAGES="364--371", 
YEAR="1996"
}

@ARTICLE{GodsalveBand:Mybib,
AUTHOR="C. Godsalve",
TITLE="Distributions for the Exponential Band Model", 
JOURNAL="Applied Optics",
VOLUME="40",
NUMBER="9",
PAGES="1559--1562",
YEAR="2001",
}

@ARTICLE{LiouDiscrete:Mybib,
AUTHOR="Kuo-Nan Liou", 
TITLE="A Numerical Experiment on Chandrasekhar's Discrete Ordinates Method
for Radiative Transfer: Applications to Cloudy and Hazy Atmospheres",
JOURNAL="J. Atmos. Sci",
VOLUME=" 30 ",
PAGES="1303--1325",
YEAR="1973"
}


@ARTICLE{StamnesSwanson:Mybib,
AUTHOR="Knut Stamnes and Roy A. Swanson",
TITLE="A New Look at the Discrete Ordinate Method fo Radiative Transfer
Calculations in Anisotropically Scattering Atmospheres",
JOURNAL="J. Atmos. Sci",
VOLUME="38", 
PAGES="387--399",
YEAR= "1981"
}


@ARTICLE{StamnesTsay:Mybib,
AUTHOR="Si-Chee Tsay, Knut Stamnes and Kolf Jayaweera",
TITLE="Radiative Transfer in Stratified Atmospheres: Development and
Verification of a Unified Model ",
JOURNAL="J. Quantitative Spectroscopy and Radiative Transfer",
VOLUME="43",
PAGES="133--148", 
YEAR="1990"
}

@ARTICLE{WiscombeWarren:Mybib,
AUTHOR="W. J. Wiscombe and S. G. Warren",
TITLE="A Model for the Spectral Albedo of Snow 1: Pure Snow",
JOURNAL="J. Atmos. Sci",
VOLUME="37",
PAGES="2712--2732",
YEAR="1980"
}

@ARTICLE{GodsalveAcc:Mybib,
AUTHOR="C. Godsalve", 
TITLE="Accelerating The Discrete Ordinates Method For The Solution
of the Radiative Transfer Equation For Planetary Atmospheres", 
Journal="JQSRT",
VOLUME=" 56",
PAGES="609--616",
YEAR="1996"
}

@ARTICLE{Barton:1993,
	AUTHOR= "{Barton I.J., Prata A.J., Llewellyn Jones D.T.}",
	TITLE="The Along Track Scaning Radiometer. An analysis of        
 coincident ship and satellite measurements.",
        JOURNAL="Advances in Space Research",
        VOLUME=13,
	NUMBER=5,
        PAGES="69--74",
        YEAR="1993"  }

@ARTICLE{Prata:1990,
	AUTHOR="{Prata A.J., Cechet R.P., Barton I.J., Llewellyn Jones D.T.}",
	TITLE="The Along Track Scanning Radiometer for ERS-1: Scan Geometry and Data Simulation",
	JOURNAL="IEEE Transactions on Geoscience and Remote Sensing ",
	VOLUME="28",
	NUMBER="1" ,
	PAGES="3--13" ,
	YEAR="1990" }
@ARTICLE{OBrianPrata:Mybib,
AUTHPR="O'Brian D.M. and Prata A.J.",
TITLE="Navigation of ERS-1 Along Track Scanning Radiometer (ATSR) Images",
JOURNAL="ESA Journal",
VOLUME="14 ",
PAGES="447--465",
YEAR="1990"
} 

@ARTICLE{Samuel:1991,
	AUTHOR="{Goward S.N., Makham B., Dye D.G., Dulaney W., Yang J.}",
	TITLE="Normalised Difference Vegetation Index Measurements from the
 Advanced Very High Resolution Radiometer",
	JOURNAL="Remote Sensing of the Environment",
	VOLUME="35",
	PAGES="257--277" ,
	YEAR="1991" }

@TECHREPORT{RAL:1990,
	AUTHOR="{Mason I., Delderfeld J.}",
	TITLE="Scientific Requirements Specification for the ATSR-2 on ERS-2",
	INSTITUTION=" Rutherford-Appleton Labs" ,
	NUMBER="ER-RS-MSL-AT-2001",
	YEAR="1990." }


@TECHREPORT{ESA:1991,
	AUTHOR="{Barron C., Battrick B.}",
	TITLE="Report of the Earth Observation User Consultation Meeting.",
	INSTITUTION=" European Space Agency" ,
	NUMBER="ESA SP--1143",
	YEAR="1991." }

@ARTICLE{Kimes:1985,
	AUTHOR="{Kimes D.S., Sellers P.J.}",
	TITLE="Inferring Hemispherical Reflectance of the Earth's Surface
 for Global Energy Budgets from Remotely Sensed Nadir or Directional Radiance
 Values ",
	JOURNAL="Remote Sensing of the Enironment" ,
	VOLUME=18 ,
	PAGES="205--223",
	YEAR= "1985"   }

@ARTICLE{Hapke:1986,
	AUTHOR="B. Hapke",
	TITLE="The extinction coefficient and the Opposition Effect",
	JOURNAL="Icarus",
	VOLUME="67" ,
	PAGES="264--280",
        YEAR= "1986"}

@INPROCEEDINGS{Gerstl:1986,
	AUTHOR="{Gerstl S.A.W., Simmer C., Powers B.J.}",
	TITLE="The Canopy Hot-Spot as a Crop Identifier",
	BOOKTITLE="Proc. Int. Symposium on Remote Sensing for Resources Development and Environmental Management",
	ADDRESS=" Enschede, The Netherlands.",
        EDITOR="{Damen M.C.}  et al" ,
	PAGES=" 261--263" ,
	YEAR="1986"}


@ARTICLE{Sterne:1958,
	AUTHOR="T.E. Sterne",
	TITLE="The Gravitational Orbit of a Satellite of an Oblate Planet",
	JOURNAL="The Astronomical Journal" ,
	VOLUME="63",
	NUMBER="1255" ,
	PAGES="28--40",
	YEAR="1958"}

@BOOK{Sterne:1960,
	AUTHOR="T.E Sterne",
	TITLE="An Introduction to Celestial Mechanics ",
	PUBLISHER="Interscience Publishers, INC",
	ADDRESS="New York ",
	YEAR="1960"}


@TECHREPORT{RAL:1992,
        AUTHOR="D.A. Bell", 
	TITLE="ATSR-2 System Design Specification",
	INSTITUTION="Rutherford-Appleton Labs" ,
	NUMBER="ER-DS-BAE-AT-2001",
	YEAR="1992"}

@ARTICLE{Konecny:1979,
	AUTHOR="G. Konecny",
	TITLE="Methods and Possibilities for Digital Differential Rectification.", 
	JOURNAL="Photogrammetric Engineering and Remote Sensing" ,
	VOLUME="45",
	NUMBER= "6",
	PAGES="727--734",
	YEAR="1979"}

@BOOK{Castleman:1979,
	AUTHOR="K.R. Castleman",
	TITLE="Digital Image Processing",
	PUBLISHER="Prentice-Hall Inc" ,
	ADDRESS="Englewood- Cliffs, New Jersey",
	YEAR="1979"}

@ARTICLE{Godsalve95:Mybib,
AUTHOR="C. Godsalve", 
TITLE="Bidirectional reflectance sampling by ATSR-2: a combined orbit
and scan model",
JOURNAL="International Journal of Remote Sensing",
VOLUME="16",
PAGES="269--300",
YEAR="1995"
}

@ARTICLE{Godsalve96:Mybib,
AUTHOR="C. Godsalve ",
TITLE="Simulation of ATSR--2 Optical Data and  Estimates of Land
Surface Albedo Using Simple Atmospheric Corrections",
JOURNAL="IEEE Transactions on  Geoscience and Remote Sensing",
VOLUME="34",
PAGES="1204--1212",
YEAR="1996"
} 

@ARTICLE{Hapke81:Mybib,
	AUTHOR="B. Hapke.",
	TITLE="Bidirectional Reflectance Spectroscopy: 1 Theory.",
	JOURNAL="Journal of Geophysical Research and Remote Sensing" ,
	VOLUME="84",
	NUMBER="B4",
	PAGES="3039--3053",
        YEAR="1981"}

@ARTICLE{Walthall:1985,
	AUTHOR="{Walthall C.L., Norman J.M., Welles J.M., Campbell G. 
 , Blad B.L.}",
	TITLE="Simple equation to approximate the bidirectional reflectance
 from vegetative canopies and bare soil surfaces.",
	JOURNAL="Applied Optics",
	VOLUME=24,
        NUMBER="3", 
        PAGES="383--387",
	YEAR="1985"},

@ARTICLE{PearsonSettle:Mybib.bib,
AUTHORE="D.W.C. Pearson and J.J. Settle", 
TITLE="Calculation of First-Order Scattering in a Leafy
Canopy by Reduction to Two Dimensions, (I) Stochastic Geometry.", 
JOURNAL="JQSRT",
VOLUME="57",
NUMBER="5",
PAGES=" 591--603",
YEAR="1997"
}

ARTICLE{PearsonCanopy:Mybib,
AUTHOR="D.W.C. Pearson",
TITLE="Calculation of First-Order Scattering in a Leafy
Canopy by Reduction to Two Dimensions, (II) Stochastic Optics",
JOURNAL="JQSRT",
VOLUME="57",
NUMBER="5",
PAGES="605--626 "
YEAR="1997"
}

@ARTICLE{AckermanToon:Mybib,
AUTHOR="A. S. Ackerman and O. B. Toon and P. V.   Hobbs", 
TITLE="A Model for Particle Microphysics, Turbulent Mixing, and Radiative
Transfer in the Stratocumulus-Topped Marine Boundary Layer and
Comparisons with Measurements", 
JOURNAL="J. Atmos Sci",
VOLUME="52",
NUMBER="8",
PAGES="1204--1235",
YEAR="1995"
}

@ARTICLE{Cahalan1:Mybib,

AUTHOR="R. F. Cahalan  and W. Ridgeway  and W. J. Wiscombe  and
 T. L. Bell   and  J. B. Snider",
TITLE="The Albedo of Fractal Stratocumulus Clouds ",
JOURNAL="J. Atmos. Sci.",
VOLUME=" 24",
PAGES="2434--2455",
YEAR="1994a"
}

@ARTICLE{Cahalan2:Mybib,
AUTHOR=" R. F. Cahalan  and W.  Ridgeway  and  W. J. Wiscombe  and 
 S. Gollmer and Harshvardhan ",
TITLE="Independent Pixel and Monte Carlo Estimates of Stratocumulus Clouds ",
JOURNAL="J. Atmos. Sci.",
VOLUME="51", 
PAGES="3776--3790",
YEAR="1994b" 
}

@ARTICLE{EvansHaigh:Mybib,
AUTHOR="Evans S.J. and Haigh J.D",
TITLE="The Retrieval of Total Optical Depth and Effective Droplet Radius of
Clouds from Solar Reflection Measurements Using ATSR-2",
JOURNAL="Geophysical Res. Letters",
VOLUME="22",
NUMBER="6",
PAGES="695--698",
YEAR="1995"
}


@ARTICLE{HaynesWard:Mybib,
AUTHOR=" P. H. Haynes  and W. E. Ward",
TITLE="The effect of Realistic Radiative Transfer on Potential Vorticity
Structures, Including the Influence of Background Shear.",
JOURNAL="J. Atmos Sci",
VOLUME="50",
NUMBER="2",
PAGES="3431--3451",
YEAR="1993"
}


@ARTICLE{LeachRaman:Mybib,
AOUTHOR=" M. J. Leach and S. Raman",
TITLE="Role of Radiative Transfer in Maintenance and Destruction
of Stratocumulus Clouds",
JOURNAL="Atmospheric Environment",
VOLUME="29",
NUMBER="16",
PAGES="2009--2018",
YEAR="1995" 
}


@MASTERSTHESIS{Mineart1:Mybib,
AUTHOR="G. M. Mineart",
TITLE="Multispectral Satellite Analysis of Marine Stratocumulus Cloud
Microphysics",
SCHOOL="Dep't of Meteorology, Naval Postgraduate
 School, Monteray CA",
YEAR="1998" 
}

@ARTICLE{ RogersKorac:Mybib,
AUTHOR="Rogers D.P. and  Koracin D.",
TITLE="Radiative Transfer and Turbulence in the Cloud Topped
Marine Atmospheric Boundary Layer",
JOURNAL="J. Atmos Sci ",
VOLUME="49",
NUMBER="16",
PAGES="1473--1485",
YEAR="1992"
}


@ARTICLE{RothmanETAL:Mybib,
AUTHOR="L. S. Rothman  and R. R. Gamache and R. H. Tipping and C. P.  Rinsland
  and M. A. Smith and D. C.   Benner and  V. M. Devi 
and J. M.  Flaud  and  C. Camy-Peyret and  A. Perrin and A.  Goldman and 
 S. T. Massie and L. R. Brown and R. A. Toth", 
TITLE="The HITRAN Molecular Database - Editions of 1991 and 1992",
JOURNAL="Journal of Quantitative Spectroscopy and  Radiative Transfer",
VOLUME="48",
NUMBER="5-6",
PAGES="469--507",
YEAR="1992"
}

@ARTICLE{RothmanETAL96:Mybib,
AUTHOR="L. S. Rothman  and C. P. Rinsland and A. Goldman and S. T.  Massie
  and D. P. Edwards and J. M. Flaud  and  A. Perrin  
and  C. Camypeyret and  V. Dana and J. Y. Mandin and J. Schroeder 
and  A. Maccan and R. R. Gamache and R. B. Wattson and K. Yoshino and 
and K.V .Chance and K. W. Jucks and L. R. Brown and V. Nemtchinov and P. Varanesi", 
TITLE="The HITRAN Molecular Spectroscopic Database and HAWKS (Hitran Atmospheric Work Station)",
JOURNAL="Journal of Quantitative Spectroscopy and  Radiative Transfer",
VOLUME="60",
NUMBER="5",
PAGES="665--710",
YEAR="1998"
}

@ARTICLE{RothmanETAL08:Mybib,
AUTHOR="L. S. Rothman  and I.E. Gordan and P. F. Bernath and M.Birk 
and V. Bouden and L. R. Brown and A. Campargue and J. P. Champion
and K.V. Chance and L. H. Couder and V. Dana and V. M. Devi and S. Fally
and J. M. Flaud and R. R. Gamache and A. Goldman and D. Jaquemart and  I.Kleiner and N. Lacome and W. J. Lafferty and J. Y. Mandin and S. T.  Massie
and S. N. Mikhailenko  and C. E. Miller and N. Moazzen-Ahmadi and O. V. Normenko and A. V. Nikitin and J. Orphal and V. I. Perevolov and  A. Perrin
and A. Predoi-Cross C. P. Rinsland and  M. Rotger and M. Sime\u{c}kov\'{a} 
and M. A. H. Smith and K. Sung and S. A. Tashkun and J. Tennyson
and R. A. Toth and A. C. Vandaele and J. Vander and Auwera", 
TITLE="The HITRAN 2008 Molecular Spectroscopic Database",
JOURNAL="Journal of Quantitative Spectroscopy and  Radiative Transfer",
VOLUME="110",
PAGES="533-572",
YEAR="2009"
}

@ARTICLE{HumOrig:Mybib,
AUTHOR="J. Huml\'{i}\u{c}ek",
TITLE="Optimised Computation of the Voigt Function and Complex Probability Functions", 
JOURNAL="J. Q. S. R. T",
VOLUME="27",
PAGES="437-444",
YEAR="1982"
}

@ARTICLE{StevensTsay:Mybib,
AUTHOR="Stevens G.L. and Si-Chee Tsay",
TITLE="On The Cloud Absorption Anomaly", 
JOURNAL="Q.J.R. Meteorol. Soc",
VOLUME="116",
PAGES="671--704",
YEAR="1990"
}

@ARTICLE{Stevens:Mybib,
AUTHOR="Stevens G.L.",
TITLE=" Technical Comments",
JOURNAL="Science",
VOLUME="271",
PAGES="1131--1136",
MONTH="Feb",
YEAR="1996"
}
@Article{TwohyDurkee:Mybib,
AUTHOR="C. H. Twohy  and P. A.  Durkee and B. J.  Huebert  and R. J. Charlson",
TITLE="Effects of Aerosol Particles on the Microphysics of
Coastal Stratiform Clouds.",
JOURNAL="Journal of Climate",
VOLUME="8",
PAGES="773--783",
YEAR="1995"
}




@ARTICLE{DoorenRidder:Mybib,
AUTHOR="P.  van Dooren and L. de Ridder",
TITLE="An Adaptive Algorithm for Numerical Integration over an N-Dimensional Cube",
JOURNAL="J. Comp. Appl. Math.",
VOLUME="2",
PAGES="207--217",
YEAR="1976"
}


@BOOK{FeynLect:Mybib,
   AUTHOR="R. Feynman and R. B. Leighton and M. Sands",
   TITLE="The Feyman Lectures on Physics",
   VOLUME="2",
   PUBLISHER="Addison-Wesley Publishing Company",
   ADDRESS="Reading Massachusetts, Menlo Park, California, London, Sydney, Manilla",
   YEAR=1964
}

@BOOK{BornWolf:Mybib,
      AUTHOR=" M. Born and E. Wolf",
      TITLE="Principles of Optics",
      PUBLISHER="Pergamon Press",
      ADDRESS="New York",
      YEAR=1975}

@BOOK{GradRyzr:Mybib,
TITLE="Tables of Integrals, Series, and Products (Corrected and enlarged edition)",
AUTHOR="I.S Gradshteyn and I.M Ryzhik",
PUBLISHER="Academic Press, Inc", 
ADDRESS="San Diego, New York, Berkely, Boston, London 
Sydney, Tokyo, Toronto",
YEAR="1980"
}

@STRING(PRL="Phys. Rev. Lett.")
@STRING(RMP="Rev. Mod. Phys.")


@BOOK{Deirmendjian:Mybib,
   AUTHOR="D. Deirmendjian",
   TITLE="Electromagnetic Scattering on Spherical Polydispersions",
   PUBLISHER="The RAND Corporation",
   ADDRESS="Santa Monica, California",
   YEAR=1969
}

@BOOK{AbramowitzStegun:Mybib,
 AUTHOR="M. Abramowitz and I. Stegun",
 TITLE="Handbook of Mathematical Functions",
 PUBLISHER="Dover Books",
 ADDRESS="New York",
 YEAR=1972
}
@BOOK{Watson:Mybib,
     AUTHOR="G. N. Watson",
     TITLE="A Treatise on the Theory of Bessel Functions",
     PUBLISHER="Cambridge University Press",
     ADDRESS="Cambridge",
     YEAR=1995
}
@BOOK{Chandrasekhar:Mybib,
      AUTHOR="S. Chandrasekhar",
      TITLE="Radiative Transfer",
      PUBLISHER="Dover Books",
      ADDRESS="New York",
      YEAR="1960"
}

@Unpublised{EMScatt:Mybib,
	AUTHOR="C. Godsalve",
	TITLE="Electromagnetic Scattering from a Sphere",
        NOTE="http://seagods.stormpages.com/Physics.html",
        YEAR=2006}

@TECHREPORT{WisRep:Mybib,
AUTHOR=" W. J. Wiscombe ", 
TITLE="Mie Scattering Calculations:
 Advances in Technique and Fast Vector-Speed Computer Codes.", 
institution="NCAR",
NUMBER="NCAR-TN-140+NTR",
YEAR=1996
}

@Unpublised{QuadSphere:Mybib,
	AUTHOR="C. Godsalve",
	TITLE="1-D Vector Radiative Transfer",
        NOTE="http://seagods.stormpages.com/Physics.html",
        YEAR=2006}

@ARTICLE{Goodchild:Mybib,
	AUTHOR="Micheal F. Goodchild and Yang Shirena",
	TITLE="A Hierarchical Spatial Data Structure for Global Geographic Information Systems",
 	JOURNAL="CVGIP: Graphical Models and Image Processing.",
	VOLUME="54, No1",
 	PAGES="31--44",
	YEAR="1990"
}

@ARTICLE{Dutton:Mybib,
	AUTHOR="G. Dutton",
	TITLE="Geodesic Modelling of Planetary Relief",
	JOURNAL="Cartographia",
	VOLUME="21",
	PAGES="188--207",
	YEAR="1988"
}

@ARTICLE{MTCKD:Mybib,
	AUTHOR="Clough, S. A. and F. X. Kneizys and R. W. Davies",
	TITLE="Line shape and the water vapor continuum",
        JOURNAL="Atmos. Res.",
        VOLUME="23",
        PAGES="229--241",
        YEAR="1989"
}

@ARTICLE{KronKram1:Mybib,
	AUTHOR="J. E. Chamberlain",
	TITLE="On a Relation Between Absorption Strength and Refractive Index",
	JOURNAL="Infrared Physics",
	VOLUME="5",
	PAGES="175--178",
	YEAR="1965"
}


@ARTICLE{Kronig:Mybib,
	AUTHOR="R. de L. Kronig",
	TITLE="On the Theory of the Dispersion of X-Rays",
	JOURNAL="J. Opt. Soc. Am.",
	VOLUME="12",
	PAGES="547--557",
	YEAR="1926"
}

@ARTICLE{Schwinger:Mybib,
	AUTHOR="Robert Karplus and Julian Schwinger",
	TITLE="A Note on Saturation in Microwave Spectroscopy",
	JOURNAL="Physical Review",
	VOLUME="73",
	PAGES="1020--1026",
	YEAR="1948"
}

@ARTICLE{Wenhai:Mybib,
	AUTHOR="Wengai Ji and Chunbai Wu  and M. G. Raymer",
	TITLE="Slow Light Propagation in a Linear Three-Level Atomic Vapour",
	JOURNAL="J. Opt. Soc. Am",
	VOLUME="B 24",
	PAGES="629--635",
	YEAR="2007"
}
@INPROCEEDINGS{Kramers:Mybib,
	AUTHOR="H. A. Kramers",
	TITLE="La Diffusion de la Lumiere par les Atom",
	BOOKTITLE="Atti. Cong. Intern. Fisica",
	ADDRESS="Como",
        PUBLISHER="Volta Centenary Congress",
        PAGES="547--557",
	YEAR="1927"
}

@INPROCEEDINGS{Fekete:Mybib,
	AUTHOR="G. Fekete",
	TITLE="Sphere Quadtrees: A New Data Structure to Support the Visualisation of Spherically Distributed Data",
 	BOOKTITLE="Proc. Extracting Meaning From Complex Data: Processing, Display, Interaction",
	ADDRESS="Santa Clara, CA",
	YEAR="1990"
}

@BOOK{AVL:Mybib,
         AUTHOR="Robert L. Kruse",
         TITLE="Data Structures and Program Design",
         PUBLISHER="Prentice Hall",
         ADDRESS="Upper Saddle River, New Jersey",
         YEAR="1987"
}

@BOOK{RKing:Mybib,
      AUTHOR="R. Bruce King",
      TITLE="Beyond the Quartic Equation",
      PUBLISHER="Modern Birkhauser Classics",
      ISBN="978-0-8176-4837-7",
      ADDRESS="Stutgart, Boston",
      YEAR="1996"
}
@BOOK{Owners:Mybib,
     AUTHOR="William L. Briggs and Van Emden Henson",
     TITLE="The DFT: An Owner's Manual for the Discrete Fourier Transform",
     PUBLISHER="SIAM",
     ADDRESS="Philadelphia",
     ISBN="13:978-0-898713-42-8",
     YEAR="1995"
}

@BOOK{Wilkinson:Mybib,
   AUTHOR="J. H. Wilkinson",
   TITLE="The Algebraic Eigenvalue Problem",
   PUBLISHER="Oxford University Press",
   ADDRESS="Oxford",
   YEAR="1965, 2004"
}
@BOOK{GolubLoan:Mybib,
   AUTHOR="Gene H. Golub and Charles F. Van Loan",
   TITLE="Matrix Computations",
   PUBLISHER="The John Hopkins University Press",
   ADDRESS="Baltimore, Maryland",
   YEAR="1983, 1989, 1996"
}
@BOOK{Antia:Mybib,
   AUTHOR="H. M. Antia",
   TITLE="Numerical Methods For Scientists and Engineers",
   PUBLISHER="Birkhauser Verlag",
   ADDRESS="Basel, Boston, Berlin",
   YEAR="2002"
}
@BOOK{Shatzman:Mybib,
   AUTHOR="Michelle Schatzmann",
   TITLE="Numerical Analysis - a Mathematical Introduction",
   PUBLISHER="Oxford University Press",
   ADDRESS="Oxford",
   YEAR="2002"
}
@BOOK{Trev:Mybib,
   AUTHOR="Lloyd N. Trefethen and David Bau",
   TITLE="Numerical Linear Algebra",
   PUBLISHER="SIAM",
   ADDRESS="Philidelphia",
   YEAR="1997"
}
@Book{USStandard:Mybib,
     AUTHOR="United States Committee on Extension to the Standard Atmosphere",
     TITLE="U.S. Standard Atmosphere, 1976",
     PUBLISHER="U.S. Government Printing Office",
     ADDRESS="Washington D.C.",
     YEAR="1976"
}
@BOOKLET{Longtin_etal:Mybib,
    AUTHOR="David R. Longtin and Eric P. Shettle and John R. Hummel",
    TITLE="A Technique for Estimating Surface Meteorological Ranges Over Oceans From Satellite Measurements of Aerosol Optical Depths",
    HOWPUBLISHED="(U.S.) Airforce Geophysics Laboratory GL-TR-90-204",
    YEAR="1990"
         }
@Book{GIS:Mybib,
     AUTHOR="Kang-Tsung Chang",
     TITLE="Introduction to Geopgraphic Information Systems",
     PUBLISHER="McGraw-Hill",
     ADDRESS="New York",
     YEAR="2006"
}
@Book{Delaunay:Mybib,
     AUTHOR="Mark de Berg and Otfried Cheong and Marc van Kreveld and Mark Overmars",
     TITLE="Computational Geometry: Algorithms and Applications",
     PUBLISHER="Springer",
     ADDRESS="Berlin, Heidelberg",
     YEAR="2008, 2000, 2997"
}
@Book{Fractals:Mybib,
   AUTHOR="M. F. Barnsley and R. L. Devaney and B. B. Mandelbrot
	   and H. -O Peitgen and D. Saupe and R. F. Voss",
   TITLE="The Science of Fractal Images",
   VOLUME="2",
   PUBLISHER="Springer - Verlag",
   ADDRESS="New York, Berlin, Heidelberg, London, Paris, Tokyo",
   YEAR=1988
}

@BOOK{Arfken:Mybib,
	AUTHOR="G. Arfken",
	TITLE="Mathematical Methods for Physicists",
	PUBLISHER="Elsevier: Academic Press",
	ADDRESS="Amsterdam",
	YEAR="1985"
}

@BOOK{deBoor:Mybib,
	AUTHOR="Charles de Boor",
	TITLE="A Practical Guide to Splines",
	PUBLISHER="Springer-Verlag",
	ADDRESS="New York, Berlin, Heidelberg, London, Paris, Tokyo",
	YEAR="1978"
}

@BOOK{HallHeck:Mybib,
   AUTHOR="S. H. Hall and H. L. Heck",
   TITLE="Advanced Signal Integrity for High Speed Digital Designs",
   PUBLISHER="Wiley",
   ADDRESS="Hoboken New  Jersey",
   YEAR="2009"
}
